<?xml version="1.0" encoding="UTF-8"?><collection xmlns="http://www.loc.gov/MARC21/slim"><record><leader>00596nam--2200205-u-4500</leader><controlfield tag="001">000050765</controlfield><controlfield tag="002">20161230</controlfield><controlfield tag="005">20161230201048</controlfield><controlfield tag="008">080402s1000------------r-----000-0-eng-d</controlfield><datafield ind1=" " ind2=" " tag="020"><subfield code="a">0-8247-0025-2</subfield></datafield><datafield ind1=" " ind2=" " tag="040"><subfield code="a">IFIN-HH</subfield></datafield><datafield ind1=" " ind2=" " tag="080"><subfield code="a">517.555</subfield></datafield><datafield ind1="1" ind2=" " tag="100"><subfield code="a">D'Alotto,Louis A., Giardina,Charles R. and Luo,Hua</subfield></datafield><datafield ind1="1" ind2="0" tag="245"><subfield code="a">A Unified Signal Algebra Approach to Two-Dimensional Parallel Digital Signal Processing</subfield></datafield><datafield ind1=" " ind2=" " tag="260"><subfield code="a">New York</subfield><subfield code="b">Marcel Dekker, Inc</subfield><subfield code="c">1998</subfield></datafield><datafield ind1=" " ind2=" " tag="300"><subfield code="a">290 p</subfield></datafield><datafield ind1=" " ind2=" " tag="504"><subfield code="a">Includes Index</subfield></datafield><datafield ind1=" " ind2="4" tag="650"><subfield code="a">Signal Processing</subfield></datafield><datafield ind1=" " ind2=" " tag="852"><subfield code="a">13669</subfield></datafield><datafield ind1=" " ind2=" " tag="CAT"><subfield code="a">Sys</subfield><subfield code="c">20080402</subfield><subfield code="h">090100</subfield></datafield></record></collection>